<record><leader>00000cas a22000007a 4500</leader><controlfield tag="001">9612383</controlfield><controlfield tag="008">830616d19081995ncudr ne      0   a0eng d</controlfield><datafield ind1=" " ind2=" " tag="010"><subfield code="a">sn 83008990 </subfield></datafield><datafield ind1=" " ind2=" " tag="040"><subfield code="a">NSD</subfield><subfield code="b">eng</subfield><subfield code="c">NSD</subfield><subfield code="d">NYS</subfield><subfield code="d">NVJ</subfield><subfield code="d">NSD</subfield><subfield code="d">NVJ</subfield><subfield code="d">OCLCQ</subfield></datafield><datafield ind1=" " ind2=" " tag="012"><subfield code="j">0</subfield><subfield code="l">1</subfield><subfield code="m">d</subfield></datafield><datafield ind1="1" ind2=" " tag="022"><subfield code="a">0738-5137</subfield><subfield code="l">0738-5137</subfield><subfield code="2">1</subfield></datafield><datafield ind1=" " ind2=" " tag="037"><subfield code="b">Rocky Mount Publishing Co., Telegram Building, 150-152 Howard St., Rocky Mount, NC 27801</subfield></datafield><datafield ind1=" " ind2=" " tag="042"><subfield code="a">nsdp</subfield><subfield code="a">msc</subfield></datafield><datafield ind1="0" ind2=" " tag="130"><subfield code="a">Evening telegram (Rocky Mount, N.C.)</subfield></datafield><datafield ind1=" " ind2="4" tag="222"><subfield code="a">The Evening telegram</subfield><subfield code="b">(Rocky Mount, N.C.)</subfield></datafield><datafield ind1="1" ind2="4" tag="245"><subfield code="a">The evening telegram.</subfield></datafield><datafield ind1="3" ind2="0" tag="246"><subfield code="a">Rocky Mount Sunday telegram</subfield></datafield><datafield ind1="1" ind2="3" tag="246"><subfield code="a">Rocky Mount evening telegram</subfield></datafield><datafield ind1=" " ind2=" " tag="260"><subfield code="a">Rocky Mount, N.C. :</subfield><subfield code="b">J.L. Horne, Jr., and J.H. Herbert</subfield></datafield><datafield ind1=" " ind2=" " tag="300"><subfield code="a">v.</subfield></datafield><datafield ind1=" " ind2=" " tag="310"><subfield code="a">Daily,</subfield><subfield code="b">Aug. 14, 1949-Jan. 9, 1995</subfield></datafield><datafield ind1=" " ind2=" " tag="321"><subfield code="a">Daily (except Sunday),</subfield><subfield code="b">&lt;1916&gt;-Aug. 13, 1949</subfield></datafield><datafield ind1="1" ind2=" " tag="362"><subfield code="a">Began in 1908?</subfield></datafield><datafield ind1="0" ind2=" " tag="362"><subfield code="a">-v. 84, no. 81 (Jan. 9, 1995).</subfield></datafield><datafield ind1=" " ind2=" " tag="500"><subfield code="a">On Sundays published as: Rocky Mount Sunday telegram, Aug. 14, 1949-Jan. 8, 1995.</subfield></datafield><datafield ind1=" " ind2=" " tag="588"><subfield code="a">Description based on: Vol. 8, no. [229] (Mar. 1, 1916).</subfield></datafield><datafield ind1=" " ind2=" " tag="752"><subfield code="a">United States</subfield><subfield code="b">North Carolina</subfield><subfield code="c">Nash</subfield><subfield code="d">Rocky Mount.</subfield></datafield><datafield ind1=" " ind2=" " tag="752"><subfield code="a">United States</subfield><subfield code="b">North Carolina</subfield><subfield code="c">Edgecombe</subfield><subfield code="d">Rocky Mount.</subfield></datafield><datafield ind1="0" ind2="0" tag="780"><subfield code="t">Morning telegram (Rocky Mount, N.C.)</subfield></datafield><datafield ind1="0" ind2="5" tag="780"><subfield code="t">Daily record (Rocky Mount, N.C.)</subfield></datafield><datafield ind1="0" ind2="0" tag="785"><subfield code="t">Rocky Mount telegram</subfield><subfield code="x">1082-3727</subfield><subfield code="w">(DLC)sn 95001129</subfield><subfield code="w">(OCoLC)31876877</subfield></datafield></record>